@inproceedings{gudmundsson2004flock,
  title={Efficient detection of motion patterns in spatio-temporal data sets},
  author={Gudmundsson, Joachim and van Kreveld, Marc and Speckmann, Bettina},
  pages={250-257},
  booktitle={GIS},
  year={2004}
}

@inproceedings{zheng2013gathering,
  title={On discovery of gathering patterns from trajectories},
  author={Zheng, Kai and Zheng, Yu and Yuan, Nicholas Jing and Shang, Shuo},
  pages={242-253},
  booktitle={ICDE},
  year={2013}
}

@inproceedings{aung2010evolvingconvoy,
  title={Discovery of evolving convoys},
  author={Aung, Htoo Htet and Tan, Kian-Lee},
  pages={196--213},
  booktitle={SSDM},
  year={2010}
}

@inproceedings{li2015platoon,
  title={Efficient mining of platoon patterns in trajectory databases},
  author={Li, Yuxuan and Bailey, James and Kulik, Lars},
  pages={167-187},
  booktitle={DKE},
  year={2015}
}

@inproceedings{jeung2008convoy,
  title={Discovery of convoys in trajectory databases},
  author={Jeung, Hoyoung and Yiu, Man Lung and Zhou, Xiaofang and Jensen, Christian S and Shen, Heng Tao},
  pages={1068-1080}, 
  booktitle={VLDB},
  year={2008}
}

@inproceedings{li2010swarm,
  title={Swarm: Mining relaxed temporal moving object clusters},
  author={Li, Zhenhui and Ding, Bolin and Han, Jiawei and Kays, Roland},
  pages={723-734},  
  booktitle={VLDB},
  year={2010}
}

@inproceedings{kalnis2005movingclusters,
  title={On discovering moving clusters in spatio-temporal data},
  author={Kalnis, Panos and Mamoulis, Nikos and Bakiras, Spiridon},
  pages={364-381},
  booktitle={SSTD},
  year={2005}
}

@inproceedings{lee2007partitionandgroup,
  title={Trajectory clustering: a partition-and-group framework},
  author={Lee, Jae-Gil and Han, Jiawei and Whang, Kyu-Young},
  pages={593-604},
  booktitle={SIGMOD},
  year={2007}
}

@inproceedings{li2004clusteringmovingobjects,
  title={Clustering moving objects},
  author={Li, Yifan and Han, Jiawei and Yang, Jiong},
  booktitle={SIGKDD},
  pages={617-622},
  year={2004}
}

@inproceedings{tang2012onlineconvoy,
  title={On discovery of traveling companions from streaming trajectories},
  author={Tang, Lu-An and Zheng, Yu and Yuan, Jing and Han, Jiawei and Leung, Alice and Hung, Chih-Chieh and Peng, Wen-Chih},
  booktitle={ICDE},
  pages={186-197},
  year={2012}
}

@inproceedings{vieira2009onlineflock,
  title={On-line discovery of flock patterns in spatio-temporal data},
  author={Vieira, Marcos R and Bakalov, Petko and Tsotras, Vassilis J},
  booktitle={SIGSPATIAL},
  pages={286-295},
  year={2009}
}

@inproceedings{jinno2012paralleltpattern,
  title={Parallel distributed trajectory pattern mining using MapReduce},
  author={Jinno, Ryota and Seki, Katsuyuki and Uehara, Kazuhiro},
  booktitle={CloudCom},
  pages={269-273},
  year={2012}
}

@inproceedings{li2010periodicpattern,
  title={Mining periodic behaviors for moving objects},
  author={Li, Zhenhui and Ding, Bolin and Han, Jiawei and Kays, Roland and Nye, Peter},
  booktitle={SIGKDD},
  pages={1099-1108},
  year={2010}
}

@inproceedings{gudmundsson2006flock,
  title={Computing longest duration flocks in trajectory data},
  author={Gudmundsson, Joachim and van Kreveld, Marc},
  booktitle={GIS},
  pages={35-42},
  year={2006}
}

@inproceedings{wang2006grouppattern,
  title={Efficient mining of group patterns from user movement data},
  author={Wang, Yida and Lim, Ee-Peng and Hwang, San-Yih},
  booktitle={DKE},
  pages={240-282},
  year={2006}
}

@inproceedings{he2011mrdbscan,
  title={Mr-dbscan: An efficient parallel density-based clustering algorithm using mapreduce},
  author={He, Yaobin and Tan, Haoyu and Luo, Wuman and Mao, Huajian and Ma, Di and Feng, Shengzhong and Fan, Jianping},
  booktitle={ICPADS},
  pages={473-480},
  year={2011}
}

@inproceedings{benkert2006meet,
  title={Reporting flock patterns},
  author={Benkert, Marc and Gudmundsson, Joachim and H{\"u}bner, Florian and Wolle, Thomas},
  booktitle={Computational Geometry},
  pages={111-125},
  year={2006}
}

@inproceedings{andersson2007leadership,
  title={Reporting leadership patterns among trajectories},
  author={Andersson, Mattias and Gudmundsson, Joachim and Laube, Patrick and Wolle, Thomas},
  booktitle={SAC},
  pages={3-7},
  year={2007}
}

@inproceedings{giannotti2007survey,
  title={Trajectory pattern mining},
  author={Giannotti, Fosca and Nanni, Mirco and Pinelli, Fabio and Pedreschi, Dino},
  booktitle={SIGKDD},
  pages={330-339},
  year={2007}
}

@inproceedings{birant2007st,
  title={ST-DBSCAN: An algorithm for clustering spatial--temporal data},
  author={Birant, Derya and Kut, Alp},
  booktitle={DKE},
  pages={208-221},
  year={2007}
}

@inproceedings{douglas1973linesimplification,
  title={Algorithms for the reduction of the number of points required to represent a digitized line or its caricature},
  author={Douglas, David H and Peucker, Thomas K},
  booktitle={Cartographica},
  pages={112-122},
  year={1973}
}
  
%@inproceedings{li2013managing,
%  title={Managing moving objects and their trajectories},
%  author={Li, Xiaohui},
%  year={2013},
%  booktitle={Ph.D. Thesis, NUS}
%}

@inproceedings{li2013effective,
 title={Effective Online Group Discovery in Trajectory Databases},
 author={Li, Xiaohui and Ceikute, Vaida and  Jensen, Christian, S. and Tan, Kian-Lee},
 year={2013},
 booktitle{TKDE}
}

@inproceedings{li2013onlinegroup,
  title={Effective online group discovery in trajectory databases},
  author={Li, Xiaohui and Ceikute, Vaida and Jensen, Christian S and Tan, Kian-Lee},
  pages={2752-2766},
  booktitle={TKDE},
  year={2013}
}

@inproceedings{gidofalvi2007cab,
  title={Cab-sharing: An effective, door-to-door, on-demand transportation service},
  author={Gidofalvi, Gy{\"o}z{\"o} and Pedersen, Torben Bach},
  booktitle={ECITSS},
  pages={8},
  year={2007}
}

@inproceedings{wang2014travel,
  title={Travel time estimation of a path using sparse trajectories},
  author={Wang, Yilun and Zheng, Yu and Xue, Yexiang},
  booktitle={SIGKDD},
  pages={25-34},
  year={2014}
}

@inproceedings{yuan2013tdrive,
  title={T-drive: enhancing driving directions with taxi drivers' intelligence},
  author={Yuan, Jing and Zheng, Yu and Xie, Xing and Sun, Guangzhong},
  booktitle={TKDE},
  pages={220-232},
  year={2013}
}

@inproceedings{zheng2011urban,
  title={Urban computing with taxicabs},
  author={Zheng, Yu and Liu, Yanchi and Yuan, Jing and Xie, Xing},
  booktitle={UbiComp},
  pages={89-98},
  year={2011}
}

@inproceedings{bao2013survey,
  title={A survey on recommendations in location based social networks},
  author={Bao, Jie and Zheng, Yu and Wilkie, David and Mokbel, Mohamed F},
  booktitle={Geoinformatica},
  pages={525-543},
  year={2015}
}

@inproceedings{li2010miningperiodic,
  title={Mining periodic behaviors for moving objects},
  author={Li, Zhenhui and Ding, Bolin and Han, Jiawei and Kays, Roland and Nye, Peter},
  booktitle={SIGKDD},
  pages={1099--1108},
  year={2010}
}

@inproceedings{zheng2015survey,
  title={Trajectory data mining: an overview},
  author={Zheng, Yu},
  booktitle={TIST},
  pages={1-41},
  year={2015}
}

@incollection{laube2005finding,
  title={Finding REMOâ€”detecting relative motion patterns in geospatial lifelines},
  author={Laube, Patrick and van Kreveld, Marc and Imfeld, Stephan},
  booktitle={DSDH},
  pages={201-215},
  year={2005}
}

@inproceedings{dean2008mapreduce,
  title={MapReduce: simplified data processing on large clusters},
  author={Dean, Jeffrey and Ghemawat, Sanjay},
  booktitle={Communications of the ACM},
  pages={107-113},
  year={2008}
}


@inproceedings{kwon2012skewtune,
  title={Skewtune: mitigating skew in mapreduce applications},
  author={Kwon, YongChul and Balazinska, Magdalena and Howe, Bill and Rolia, Jerome},
  booktitle={SIGMOD},
  pages={25-36},
  year={2012}
}

@inproceedings{zaharia2012resilient,
  title={Resilient distributed datasets: A fault-tolerant abstraction for in-memory cluster computing},
  author={Zaharia, Matei and Chowdhury, Mosharaf and Das, Tathagata and Dave, Ankur and Ma, Justin and McCauley, Murphy and Franklin, Michael J and Shenker, Scott and Stoica, Ion},
  booktitle={USENIX},
  pages={15-28},
  year={2012}
}

@inproceedings{pei2000closet,
  title={CLOSET: An Efficient Algorithm for Mining Frequent Closed Itemsets.},
  author={Pei, Jian and Han, Jiawei and Mao, Runying and others},
  booktitle={DMKD},
  pages={21--30},
  year={2000}
}

@inproceedings{wang2003closet+,
  title={Closet+: Searching for the best strategies for mining frequent closed itemsets},
  author={Wang, Jianyong and Han, Jiawei and Pei, Jian},
  booktitle={SIGKDD},
  pages={236-245},
  year={2003}
}


@inproceedings{ester1996density,
  title={A density-based algorithm for discovering clusters in large spatial databases with noise.},
  author={Ester, Martin and Kriegel, Hans-Peter and Sander, J{\"o}rg and Xu, Xiaowei and others},
  booktitle={SIGKDD},
  pages={226-231},
  year={1996}
}

@inproceedings{aung2010discovery,
  title={Discovery of evolving convoys},
  author={Aung, Htoo Htet and Tan, Kian-Lee},
  booktitle={SSDM},
  pages={196-213},
  year={2010}
}

@inproceedings{srikant1996mining,
  title={Mining sequential patterns: Generalizations and performance improvements},
  author={Srikant, Ramakrishnan and Agrawal, Rakesh},
  booktitle={EDBT},
  pages={1-17},
  year={1996}
}

@inproceedings{mooney2013sequential,
  title={Sequential pattern mining--approaches and algorithms},
  author={Mooney, Carl H and Roddick, John F},
  booktitle={CSUR},
  pages={1-39},
  year={2013}
}

@inproceedings{miliaraki2013mind,
  title={Mind the gap: Large-scale frequent sequence mining},
  author={Miliaraki, Iris and Berberich, Klaus and Gemulla, Rainer and Zoupanos, Spyros},
  booktitle={SIGMOD},
  pages={797-808},
  year={2013}
}

@inproceedings{li2007traffic,
  title={Traffic density-based discovery of hot routes in road networks},
  author={Li, Xiaolei and Han, Jiawei and Lee, Jae-Gil and Gonzalez, Hector},
  booktitle={ISSTD},
  pages={441-459},
  year={2007}
}

@inproceedings{lee2011mining,
  title={Mining discriminative patterns for classifying trajectories on road networks},
  author={Lee, Jae-Gil and Han, Jiawei and Li, Xiaolei and Cheng, Hong},
  booktitle={TKDE},
  pages={713-726},
  year={2011}
}

@inproceedings{yoo2006joinless,
  title={A joinless approach for mining spatial colocation patterns},
  author={Yoo, Jin Soung and Shekhar, Shashi},
  booktitle={TKDE},
  pages={1323-1337},
  year={2006}
}

@inproceedings{agrawal1994fast,
  title={Fast algorithms for mining association rules},
  author={Agrawal, Rakesh and Srikant, Ramakrishnan and others},
  booktitle={VLDB},
  pages={487-499},
  year={1994}
}

@inproceedings{guo2016influence,
	title={Influence Maximization in Trajectory Databases},
	author={Guo, Long and Zhang, Dongxiang and Cong, Gao and Wu, Wei and Tan, Kian-Lee},
	booktitle={TKDE},
	pages={1},
	year={2016}
}