@article{yu2016spatial,
  title={Spatial co-location pattern mining for location-based services in road networks},
  author={Yu, Wenhao},
  journal={Expert Systems with Applications},
  volume={46},
  pages={324--335},
  year={2016},
  publisher={Elsevier}
}

@article{liu2013uncovering,
  title={Uncovering spatio-temporal cluster patterns using massive floating car data},
  author={Liu, Xintao and Ban, Yifang},
  journal={ISPRS International Journal of Geo-Information},
  volume={2},
  number={2},
  pages={371--384},
  year={2013},
  publisher={Multidisciplinary Digital Publishing Institute}
}

@inproceedings{liu2015exploring,
  title={Exploring time-dependent traffic congestion patterns from taxi trajectory data},
  author={Liu, Chengkun and Qin, Kun and Kang, Chaogui},
  booktitle={Spatial Data Mining and Geographical Knowledge Services (ICSDM), 2015 2nd IEEE International Conference on},
  pages={39--44},
  year={2015},
  organization={IEEE}
}

@inproceedings{xuTaxi2016,
 author = {Xu, Tong and Zhu, Hengshu and Zhao, Xiangyu and Liu, Qi and Zhong, Hao and Chen, Enhong and Xiong, Hui},
 title = {Taxi Driving Behavior Analysis in Latent Vehicle-to-Vehicle Networks: A Social Influence Perspective},
 booktitle = {Proceedings of the 22Nd ACM SIGKDD International Conference on Knowledge Discovery and Data Mining},
 series = {KDD '16},
 year = {2016},
 isbn = {978-1-4503-4232-2},
 location = {San Francisco, California, USA},
 pages = {1285--1294},
 numpages = {10},
 url = {http://doi.acm.org/10.1145/2939672.2939799},
 doi = {10.1145/2939672.2939799},
 acmid = {2939799},
 publisher = {ACM},
 address = {New York, NY, USA},
 keywords = {mobile data mining, social influence, taxi trajectories},
} 